/Users/buder/Papers/bib.bib